@misc{saad1990sparskit,
  title={SPARSKIT: A basic tool kit for sparse matrix computations},
  author={Saad, Youcef},
  year={1990},
  url = {https://ntrs.nasa.gov/search.jsp?R=19910023551},
  note = {[Online; accessed 29-04-17]}
}

@book{samet,
  title={Foundations of multidimensional and metric data structures},
  author={Samet, Hanan},
  year={2006},
  publisher={Morgan Kaufmann}
}

@article{MMMAT, 
	author={S. Peleg and A. Rosenfeld}, 
	journal={IEEE Transactions on Pattern Analysis and Machine Intelligence}, 
	title={A Min-Max Medial Axis Transformation}, 
	year={1981}, 
	volume={PAMI-3}, 
	number={2}, 
	pages={208--210}, 
	doi={10.1109/TPAMI.1981.4767082}, 
	ISSN={0162-8828}, 
	month={March}
}

@article{cSHB,
  title={Compressed spatial hierarchical bitmap (cSHB) indexes for efficiently processing spatial range query workloads},
  author={Nagarkar, Parth and Candan, K Sel{\c{c}}uk and Bhat, Aneesha},
  journal={Proceedings of the VLDB Endowment},
  volume={8},
  number={12},
  pages={1382--1393},
  year={2015},
  publisher={VLDB Endowment}
}

@book{MDindexingBTree,
  title={The universal B-Tree for multidimensional Indexing},
  author={Bayer, Rudolf},
  year={1996},
  publisher={Mathematisches Institut und Institut f{\"u}r Informatik der Technischen Universit{\"a}t M{\"u}nchen}
}

@article{joinFractal,
  title={Self-spacial join selectivity estimation using fractal concepts},
  author={Belussi, Alberto and Faloutsos, Christos},
  journal={ACM Transactions on Information Systems (TOIS)},
  volume={16},
  number={2},
  pages={161--201},
  year={1998},
  publisher={ACM}
}

@inproceedings{rangeQuery,
  title={Multiple range query optimization in spatial databases},
  author={Papadopoulos, Apostolos N and Manolopoulos, Yannis},
  booktitle={East European Symposium on Advances in Databases and Information Systems},
  pages={71--82},
  year={1998},
  organization={Springer}
}

@article{ubtRangeQuery,
  title={A new range query algorithm for Universal B-trees},
  author={Skopal, Tom{\'a}{\v{s}} and Kr{\'a}tk{\`y}, Michal and Pokorn{\`y}, Jaroslav and Sn{\'a}{\v{s}}el, V{\'a}clav},
  journal={Information Systems},
  volume={31},
  number={6},
  pages={489--511},
  year={2006},
  publisher={Elsevier}
}

@article{mdApproxPM,
  title={New models and algorithms for multidimensional approximate pattern matching},
  author={Baeza-Yates, RICARDO and Navarro, Gonzalo},
  journal={J. Discret. Algorithms},
  volume={1},
  number={1},
  pages={21--49},
  year={2000}
}

@inproceedings{sim2Dstrings,
  title={Similarity in two-dimensional strings},
  author={Baeza-Yates, Ricardo A},
  booktitle={International Computing and Combinatorics Conference},
  pages={319--328},
  year={1998},
  organization={Springer}
}

@inproceedings{fast2DapproxPM,
  title={Fast two-dimensional approximate pattern matching},
  author={Baeza-Yates, Ricardo and Navarro, Gonzalo},
  booktitle={Latin American Symposium on Theoretical Informatics},
  pages={341--351},
  year={1998},
  organization={Springer}
}

@inproceedings{fastApproxStringMatching,
  title={Fast and practical approximate string matching},
  author={Baeza-Yates, Ricardo A and Perleberg, Chris H},
  booktitle={Annual Symposium on Combinatorial Pattern Matching},
  pages={185--192},
  year={1992},
  organization={Springer}
}

@inproceedings{fastMDApproxPM,
  title={Fast multi-dimensional approximate pattern matching},
  author={Navarro, Gonzalo and Baeza-Yates, Ricardo},
  booktitle={Annual Symposium on Combinatorial Pattern Matching},
  pages={243--257},
  year={1999},
  organization={Springer}
}

@book{stringJewels,
  title={Jewels of stringology: text algorithms},
  author={Crochemore, Maxime and Rytter, Wojciech},
  year={2003},
  publisher={World Scientific}
}

@article{optTimePM,
	author={K{\"a}rkk{\"a}inen,Juha and Ukkonen,Esko},
	year={1999},
	title={Two- and higher-dimensional pattern matching in optimal expected time},
	journal={SIAM Journal on Computing},
	volume={29},
	number={2},
	pages={571--589},
	isbn={0097-5397},
	language={English}
}
%  title={Two and higher dimensional pattern matching in optimal expected time},
%  author={Karkk{\"a}inen, J and Ukkonen, Esko},
%  journal={Proc. SODAâ€™94},
%  pages={715--723},
%  year={1994}


@article{effPMerr,
  title={Efficient two-dimensional pattern matching in the presence of errors},
  author={Krithivasan, Kamala and Sitalakshmi, R},
  journal={Information Sciences},
  volume={43},
  number={3},
  pages={169--184},
  year={1987},
  publisher={Elsevier}
}

@article{evolDistances,
  title={The theory and computation of evolutionary distances: pattern recognition},
  author={Sellers, Peter H},
  journal={Journal of algorithms},
  volume={1},
  number={4},
  pages={359--373},
  year={1980},
  publisher={Elsevier}
}

@inproceedings{AMRindexing,
 author = {Zou, Xiaocheng and Boyuka,II, David A. and Desai, Dhara and Martin, Daniel F. and Byna, Suren and Wu, Kesheng},
 title = {AMR-aware in Situ Indexing and Scalable Querying},
 booktitle = {Proceedings of the 24th High Performance Computing Symposium},
 series = {HPC '16},
 year = {2016},
 isbn = {978-1-5108-2318-1},
 location = {Pasadena, California},
 pages = {26:1--26:9},
 articleno = {26},
 numpages = {9},
 doi = {10.22360/SpringSim.2016.HPC.012},
 acmid = {2972995},
 publisher = {Society for Computer Simulation International},
 address = {San Diego, CA, USA},
 keywords = {AMR, HPC, in situ, index, parallel, query}
} 

@inproceedings{detectRivers,
  title={Detecting atmospheric rivers in large climate datasets},
  author={Byna, Surendra and Wehner, Michael F and Wu, Kesheng John and others},
  booktitle={Proceedings of the 2nd international workshop on Petascal data analytics: challenges and opportunities},
  pages={7--14},
  year={2011},
  organization={ACM}
}

@book{Rtree,
  title={R-trees: a dynamic index structure for spatial searching},
  author={Guttman, Antonin},
  volume={14},
  issue={2},
  year={1984},
  publisher={ACM}
}

@inproceedings{simJoin,
  title={Similarity Join over Array Data},
  author={Zhao, Weijie and Rusu, Florin and Dong, Bin and Wu, Kesheng},
  booktitle={Proceedings of the 2016 International Conference on Management of Data},
  pages={2007--2022},
  year={2016},
  organization={ACM}
}

@inproceedings{spaghettis,
  title={Spaghettis: An array based algorithm for similarity queries in metric spaces},
  author={Ch{\'a}vez, Edgar and Marroqu{\'\i}n, Jos{\'e} L and Baeza-Yates, Ricardo},
  booktitle={String Processing and Information Retrieval Symposium, 1999 and International Workshop on Groupware},
  pages={38--46},
  year={1999},
  organization={IEEE}
}

@inproceedings{effEvalArrayJoin,
  title={On the efficient evaluation of array joins},
  author={Baumann, Peter and Merticariu, Vlad},
  booktitle={Big Data (Big Data), 2015 IEEE International Conference on},
  pages={2046--2055},
  year={2015},
  organization={IEEE}
}

@inproceedings{epsGridOrder,
  title={Epsilon grid order: an algorithm for the similarity join on massive high-dimensional data},
  author={B{\"o}hm, Christian and Braunm{\"u}ller, Bernhard and Krebs, Florian and Kriegel, Hans-Peter},
  booktitle={ACM SIGMOD Record},
  volume={30},
  issue={2},
  pages={379--388},
  year={2001},
  organization={ACM}
}

@inproceedings{GESS,
  title={GESS: a scalable similarity-join algorithm for mining large data sets in high dimensional spaces},
  author={Dittrich, Jens-Peter and Seeger, Bernhard},
  booktitle={Proceedings of the seventh ACM SIGKDD international conference on Knowledge discovery and data mining},
  pages={47--56},
  year={2001},
  organization={ACM}
}

@article{metrixSimJoin,
  title={Metric space similarity joins},
  author={Jacox, Edwin H and Samet, Hanan},
  journal={ACM Transactions on Database Systems (TODS)},
  volume={33},
  number={2},
  pages={1--38},
  year={2008},
  publisher={ACM}
}

@article{higfDsimJoin,
  title={High dimensional similarity joins: Algorithms and performance evaluation},
  author={Koudas, Nick and Sevcik, Kenneth C},
  journal={IEEE Transactions on Knowledge and Data Engineering},
  volume={12},
  number={1},
  pages={3--18},
  year={2000},
  publisher={IEEE}
}

@article{clusteringSimMeasure,
  title={Clustering using a similarity measure based on shared near neighbors},
  author={Jarvis, Raymond A and Patrick, Edward A},
  journal={IEEE Transactions on Computers},
  volume={100},
  number={11},
  pages={1025--1034},
  year={1973},
  publisher={IEEE}
}


@Inbook{simDissim,
	author={Goshtasby, A. Ardeshir},
	title={Similarity and Dissimilarity Measures},
	bookTitle={Image Registration: Principles, Tools and Methods},
	year={2012},
	publisher={Springer London},
	address={London},
	pages={7--66},
	isbn={978-1-4471-2458-0},
	doi={10.1007/978-1-4471-2458-0_2},
	url={http://dx.doi.org/10.1007/978-1-4471-2458-0_2}
}

@misc{simMeasuresLecture,
  Author = {Naumann, Felix},
  note = {Universit{\"a}t Potsdam Lecture},
  url = {https://hpi.de/fileadmin/user_upload/fachgebiete/naumann/folien/SS13/DPDC/DPDC_12_Similarity.pdf},  
  Year = {2013},
  Title = {Similarity Measures}
}
%  Institution = {Universit{\"a}t Potsdam},
%  Howpublished = {University Lecture},

@misc{knowledgeDiscLecture,
  Author = {Dekhtyar, Alexander},
  note = {Course CSC 466, California Polytechnic State University Lecture},
  url = {http://users.csc.calpoly.edu/~dekhtyar/466-Spring2012/lectures/lec09.466.pdf},  
  Year = {2009},
  Title = {Distance/Similarity Measures}
}
%  Institution = {California Polytechnic State University},
%  Howpublished = {University Lecture},

@article{ahocor,
  title={Efficient string matching: an aid to bibliographic search},
  author={Aho, Alfred V and Corasick, Margaret J},
  journal={Communications of the ACM},
  volume={18},
  number={6},
  pages={333--340},
  year={1975},
  publisher={ACM}
}

@article{baeza1993fast,
  title={Fast two-dimensional pattern matching},
  author={Baeza-Yates, Ricardo and R{\'e}gnier, Mireille},
  journal={Information Processing Letters},
  volume={45},
  number={1},
  pages={51--57},
  year={1993},
  publisher={Elsevier}
}

@article{kr87,
  title={Efficient randomized pattern-matching algorithms},
  author={Karp, Richard M and Rabin, Michael O},
  journal={IBM Journal of Research and Development},
  volume={31},
  number={2},
  pages={249--260},
  year={1987},
  publisher={IBM}
}

@article{zt89,
  title={A technique for two-dimensional pattern matching},
  author={Zhu, Rui Feng and Takaoka, Tadao},
  journal={Communications of the ACM},
  volume={32},
  number={9},
  pages={1110--1120},
  year={1989},
  publisher={ACM}
}

@ARTICLE{scidb,
author={M. Stonebraker and P. Brown and D. Zhang and J. Becla},
journal={Computing in Science Engineering},
title={SciDB: A Database Management System for Applications with Complex Analytics},
year={2013},
volume={15},
number={3},
pages={54--62},
keywords={database management systems;performance evaluation;SciDB;complex analytics;database management system;performance comparisons;Analytical models;Arrays;Data models;Database languages;File systems;Large Hadron Collider;Parallel processing;array databases;complex analytics;large-scale matrix operations;parallel databases;scientific computing;scientific databases},
doi={10.1109/MCSE.2013.19},
ISSN={1521-9615},
month={May}
}

@inproceedings{scidbarch,
  title={The architecture of SciDB},
  author={Stonebraker, Michael and Brown, Paul and Poliakov, Alex and Raman, Suchi},
  booktitle={International Conference on Scientific and Statistical Database Management},
  pages={1--16},
  year={2011},
  organization={Springer}
}

@article{realscaledmatch,
  title={Real scaled matching},
  author={Amir, Amihood and Butman, Ayelet and Lewenstein, Moshe},
  journal={Information Processing Letters},
  volume={70},
  number={4},
  pages={185--190},
  year={1999},
  publisher={Elsevier}
}

@inproceedings{alphscalematch,
  title={Alphabet independent and dictionary scaled matching},
  author={Amir, Amihood and Calinescu, Gruia},
  booktitle={Annual Symposium on Combinatorial Pattern Matching},
  pages={320--334},
  year={1996},
  organization={Springer}
}

@inproceedings{patternrotation1,
  title={A rotation invariant filter for two-dimensional string matching},
  author={Fredriksson, Kimmo and Ukkonen, Esko},
  booktitle={Annual Symposium on Combinatorial Pattern Matching},
  pages={118--125},
  year={1998},
  organization={Springer}
}

@inproceedings{patternrotation2,
  title={An index for two dimensional string matching allowing rotations},
  author={Fredriksson, Kimmo and Navarro, Gonzalo and Ukkonen, Esko},
  booktitle={IFIP International Conference on Theoretical Computer Science},
  pages={59--75},
  year={2000},
  organization={Springer}
}

@misc{patternrotation3,
  title={Fast filters for two dimensional string matching allowing rotations},
  author={Fredriksson, Kimmo and Navarro, Gonzalo and Ukkonen, Esko},
  year={2000},
  url = {http://swp.dcc.uchile.cl/TR/1999/TR_DCC-1999-009.pdf},
  note = {[Online; accessed 29-04-17]}
}

@inproceedings{karkoptimal,
  title={Two and Higher Dimensional Pattern Matching in Optimal Expected Time.},
  author={K{\"a}rkk{\"a}inen, Juha and Ukkonen, Esko},
  booktitle={SODA},
  volume={94},
  pages={715--723},
  year={1994}
}

@article{lshape,
  title={A Generalization of the Suffix Tree to Square Matrices, with Applications},
  author={Giancarlo, Raffaele},
  journal={SIAM Journal on Computing},
  volume={24},
  number={3},
  pages={520--562},
  year={1995},
  publisher={Society for Industrial and Applied Mathematics}
}

@inproceedings{1erroronly,
  title={Approximate multiple string search},
  author={Muth, Robert and Manber, Udi},
  booktitle={Annual Symposium on Combinatorial Pattern Matching},
  pages={75--86},
  year={1996},
  organization={Springer}
}

@misc{scidbBinForm,
  author = {{\relax Paradigm4, Inc.}},
  title = {SciDB Reference Manual},
  year = 2017,
  url = {http://www.paradigm4.com/HTMLmanual/15.7/scidb_ug/index.html},
  note = {[Online; accessed 29-04-17]}
}

@article{hashing,
  author    = {Jingdong Wang and Heng Tao Shen and Jingkuan Song and Jianqiu Ji},
  title     = {Hashing for Similarity Search: {A} Survey},
  journal   = {CoRR},
  volume    = {abs/1408.2927},
  year      = {2014},
  url       = {http://arxiv.org/abs/1408.2927},
  timestamp = {Fri, 12 Sep 2014 12:44:21 +0200},
  biburl    = {http://dblp.uni-trier.de/rec/bib/journals/corr/WangSSJ14},
  bibsource = {dblp computer science bibliography, http://dblp.org}
}

@inproceedings{invertIndex,
  title={Joint inverted indexing},
  author={Xia, Yan and He, Kaiming and Wen, Fang and Sun, Jian},
  booktitle={Proceedings of the IEEE International Conference on Computer Vision},
  pages={3416--3423},
  year={2013}
}

@article{kernel,
  title={Kernel methods in machine learning},
  author={Hofmann, Thomas and Sch{\"o}lkopf, Bernhard and Smola, Alexander J},
  journal={The annals of statistics},
  pages={1171--1220},
  year={2008},
  publisher={JSTOR}
}

@book{machineLearning,
  title={Machine Learning and Cybernetics: 13th International Conference, Lanzhou, China, July 13--16, 2014. Proceedings},
  author={Wang, X. and Pedrycz, W. and Chan, P. and He, Q.},
  isbn={9783662456521},
  series={Communications in Computer and Information Science},
  url={https://books.google.cz/books?id=FHq1BQAAQBAJ},
  year={2014},
  publisher={Springer Berlin Heidelberg}
}

@inproceedings{efficientRepre,
  title={Efficient Representation of Multidimensional Data over Hierarchical Domains},
  author={Brisaboa, Nieves R and Cerdeira-Pena, Ana and L{\'o}pez-L{\'o}pez, Narciso and Navarro, Gonzalo and Penabad, Miguel R and Silva-Coira, Fernando},
  booktitle={International Symposium on String Processing and Information Retrieval},
  pages={191--203},
  year={2016},
  organization={Springer}
}

@article{marginals,
  title={Computing marginals using MapReduce},
  author={Afrati, Foto N and Sharma, Shantanu and Ullman, Jonathan R and Ullman, Jeffrey D},
  journal={Journal of Computer and System Sciences},
  year={2017},
  publisher={Elsevier}
}

@article{windowAggr,
  title={Efficient Window Aggregate Method on Array Database System},
  author={Jiang, Li and Kawashima, Hideyuki and Tatebe, Osamu},
  journal={Journal of Information Processing},
  volume={24},
  number={6},
  pages={867--877},
  year={2016},
  publisher={Information Processing Society of Japan}
}

@inproceedings{arrayloop,
 	author = {Soroush, Emad and Balazinska, Magdalena and Krughoff, Simon and Connolly, Andrew},
 	title = {Efficient Iterative Processing in the SciDB Parallel Array Engine},
 	booktitle = {Proceedings of the 27th International Conference on Scientific and Statistical Database Management},
 	series = {SSDBM '15},
 	year = {2015},
 	isbn = {978-1-4503-3709-0},
 	location = {La Jolla, California},
 	pages = {39:1--39:6},
 	articleno = {39},
 	numpages = {6},
 	url = {http://doi.acm.org/10.1145/2791347.2791362},
 	doi = {10.1145/2791347.2791362},
 	acmid = {2791362},
 	publisher = {ACM},
 	address = {New York, NY, USA}
} 

@article{kmp,
  title={Fast pattern matching in strings},
  author={Knuth, Donald E and Morris, Jr, James H and Pratt, Vaughan R},
  journal={SIAM journal on computing},
  volume={6},
  number={2},
  pages={323--350},
  year={1977},
  publisher={SIAM}
}

@ARTICLE{learnHash, 
author={J. Wang and W. Liu and S. Kumar and S. F. Chang}, 
journal={Proceedings of the IEEE}, 
title={Learning to Hash for Indexing Big Data --- A Survey}, 
year={2016}, 
volume={104}, 
number={1}, 
pages={34-57}, 
keywords={Big Data;computational complexity;file organisation;indexing;unsupervised learning;ANN search;Big data;LSH;approximate nearest neighbor search;computational complexity;data-independent hash function;deep learning model;hash code;hash function;hashing technique;indexing;learning-to-hash method;locality-sensitive hashing;pattern matching;search method;Artificial neural networks;Big data;Binary codes;Indexing;Semantics;Tagging;Twitter;Approximate nearest neighbor (ANN) search;deep learning;learning to hash;semisupervised learning;supervised learning;unsupervised learning}, 
doi={10.1109/JPROC.2015.2487976}, 
ISSN={0018-9219}, 
month={Jan},}

@inproceedings{kernelLSH,
  title={Kernelized locality-sensitive hashing for scalable image search},
  author={Kulis, Brian and Grauman, Kristen},
  booktitle={Computer Vision, 2009 IEEE 12th International Conference on},
  pages={2130--2137},
  year={2009},
  organization={IEEE}
}

@phdthesis{boostLSH,
  title={Learning task-specific similarity},
  author={Shakhnarovich, Gregory},
  year={2005},
  school={Massachusetts Institute of Technology}
}

@inproceedings{nonMLSH,
  title={Non-Metric Locality-Sensitive Hashing.},
  author={Mu, Yadong and Yan, Shuicheng},
  booktitle={AAAI},
  pages={539--544},
  year={2010}
}

@inproceedings{rasdaman,
  title={The multidimensional database system RasDaMan},
  author={Baumann, Peter and Dehmel, Andreas and Furtado, Paula and Ritsch, Roland and Widmann, Norbert},
  booktitle={Acm Sigmod Record},
  volume={27},
  issue={2},
  pages={575--577},
  year={1998},
  organization={ACM}
}

@article{LM1,
  title={Fast similarity search for learned metrics},
  author={Kulis, Brian and Jain, Prateek and Grauman, Kristen},
  journal={IEEE Transactions on Pattern Analysis and Machine Intelligence},
  volume={31},
  number={12},
  pages={2143--2157},
  year={2009},
  publisher={IEEE}
}

@inproceedings{LM2,
  title={Supervised hashing with kernels},
  author={Liu, Wei and Wang, Jun and Ji, Rongrong and Jiang, Yu-Gang and Chang, Shih-Fu},
  booktitle={Computer Vision and Pattern Recognition (CVPR), 2012 IEEE Conference on},
  pages={2074--2081},
  year={2012},
  organization={IEEE}
}

@article{mlbm,
	author={Kotsiantis,S. B.},
	year={2007},
	title={Supervised machine learning: A review of classification techniques},
	journal={Informatica (Ljubljana)},
	volume={31},
	number={3},
	pages={249--268},
	isbn={0350-5596},
	language={English}
}

%implementation

@misc{Python,
  author = {{\relax Python Software Foundations}},
  title = {Python Laguage Reference, version 2.7},
  year = {2010--},
  url = {https://www.python.org/},
}

@misc{PythonRandom,
  author = {Stinner Victor},
  title = {Generate pseudo-random numbers},
  year = {1990--},
  url = {https://docs.python.org/2/library/random.html},
  note = {[Online; accessed 29-04-17]}
}

@misc{PythonNumpy,
  author =    {Travis Oliphant and others},
  title =     {{NumPy}},
  year =      {2006--},
  url = {http://www.numpy.org/},
  note = {[Online; accessed 29-04-17]}
}

@misc{PythonScipy,
  author =    {Eric Jones and Travis Oliphant and Pearu Peterson and others},
  title =     {{SciPy}: Open source scientific tools for {Python}},
  year =      {2001--},
  url = {http://www.scipy.org/},
  note = {[Online; accessed 29-04-17]}
}

@Article{PythonMatplotlib,
  Author    = {Hunter, J. D.},
  Title     = {Matplotlib: A 2D graphics environment},
  Journal   = {Computing In Science \& Engineering},
  Volume    = {9},
  Number    = {3},
  Pages     = {90--95},
  publisher = {IEEE COMPUTER SOC},
  doi = {10.1109/MCSE.2007.55},
  year  = {2007}
}

@techreport{Cpp,
  title={iso/iec 14882: 2011, standard for programming language c++},
  author={{\relax C++ Standards Committee} and others},
  year={2011},
  institution={ISO/IEC},
  url={http://www.open-std.org/jtc1/sc22/wg21}
}



